<?xml version="1.0" encoding="UTF-8"?><collection xmlns="http://www.loc.gov/MARC21/slim"><record><leader>00790nam--2200193-i-4500</leader><controlfield tag="001">000048780</controlfield><controlfield tag="002">20161230</controlfield><controlfield tag="005">20161230201047</controlfield><controlfield tag="008">060222s1000------------r-----000-0-eng-d</controlfield><datafield ind1=" " ind2=" " tag="020"><subfield code="a">9971978466</subfield></datafield><datafield ind1=" " ind2=" " tag="040"><subfield code="a">IFIN-HH</subfield></datafield><datafield ind1=" " ind2=" " tag="080"><subfield code="a">539.12/.17(061.3)</subfield></datafield><datafield ind1="1" ind2=" " tag="100"><subfield code="a">Goldman, T</subfield></datafield><datafield ind1="1" ind2="0" tag="245"><subfield code="a">Proceedings of santa fe meeting</subfield><subfield code="b">First annual meeting (new series) of the division of particles and fields of the american physical society hosted y the theoretical division of los alaamos national lsboratory sweeney convention center, santa fe, new mexico october 31-november 3, 1984</subfield><subfield code="c">T. goldman, michael martin nieto (eds.)</subfield></datafield><datafield ind1=" " ind2=" " tag="260"><subfield code="a">Singapore</subfield><subfield code="b">World Scientific</subfield><subfield code="c">1985</subfield></datafield><datafield ind1=" " ind2=" " tag="300"><subfield code="a">XIX + 543P</subfield></datafield><datafield ind1="1" ind2=" " tag="700"><subfield code="a">Nieto, Michael Martin</subfield><subfield code="e">Ed</subfield></datafield><datafield ind1=" " ind2=" " tag="852"><subfield code="a">79126</subfield><subfield code="c">539.12</subfield></datafield><datafield ind1=" " ind2=" " tag="CAT"><subfield code="a">Sys</subfield><subfield code="c">20120130</subfield><subfield code="h">155520</subfield></datafield></record></collection>